@article{brock1999cell,
    title = {{A cell-counting factor regulating structure size in Dictyostelium}},
    year = {1999},
    journal = {Genes {\&} development},
    author = {Brock, Debra A and Gomer, Richard H},
    number = {15},
    pages = {1960--1969},
    volume = {13},
    publisher = {Cold Spring Harbor Lab}
}

@incollection{prieto-martin2012crianaEU-ePa,
    title = {{A critical analysis of EU-funded eParticipation}},
    year = {2012},
    booktitle = {Empowering Open and Collaborative Governance},
    author = {Prieto-Mart{\textbackslash}'{\textbackslash}in, Pedro and de Marcos, Luis and Mart{\textbackslash}'{\textbackslash}inez, Jose Javier},
    pages = {241--262},
    publisher = {Springer},
    url = {http://link.springer.com/chapter/10.1007/978-3-642-27219-6_13}
}

@inproceedings{Fernandez2010SASO,
    title = {{A Decentralized Approach for Detecting Dynamically Changing Diffuse Event Sources in Noisy WSN Environments}},
    year = {2010},
    booktitle = {Proceedings of the 4th Second IEEE International Conference on Self-Adaptive and Self-Organizing Systems},
    author = {Fernandez-Marquez, Jose Luis and Arcos, Josep Llu\'\is and Serugendo, Giovanna Di Marzo},
    pages = {257--258}
}

@article{Fernandez2012AAIJ,
    title = {{A Decentralized Approach for Detecting Dynamically Changing Diffuse Event Sources in Noisy WSN Environments.}},
    year = {2012},
    journal = {Applied Artificial Intelligence Journal},
    author = {Fernandez-Marquez, Jose Luis and Arcos, Josep Lluis and Serugendo, Giovanna Di Marzo},
    number = {4},
    pages = {376--397},
    volume = {26},
    issn = {0883-9514}
}

@article{Langenick2008,
    title = {{A Dictyostelium homologue of the metazoan Cbl proteins regulates STAT signalling}},
    year = {2008},
    journal = {Journal of cell science},
    author = {Wessels, Deborah and Srikantha, Thyagarajan and Yi, Song and Kuhl, Spencer and Aravind, L and Soll, David R},
    number = {21},
    pages = {3524--3530},
    volume = {121},
    keywords = {own}
}

@article{Aucher:11:ADLPC,
    title = {{A dynamic logic for privacy compliance}},
    year = {2011},
    journal = {Artificial Intelligence and Law},
    author = {Aucher, Guillaume and Boella, Guido and van der Torre, Leendert},
    number = {2-3},
    pages = {187--231},
    volume = {19},
    publisher = {Springer Netherlands},
    url = {http://dx.doi.org/10.1007/s10506-011-9114-3},
    doi = {10.1007/s10506-011-9114-3},
    issn = {0924-8463}
}

@article{Tuna2011,
    title = {{A first step toward testing multiagent coordination mechanisms on multi-robot teams}},
    year = {2013},
    journal = {AAMAS Workshop on Autonomous Robots and Multirobot Systems (ARMS)},
    author = {{\"{O}}zgelen, A T and Schneider, Eric and Sklar, E I and Costantino, Michael and Epstein, Susan L and Parsons, Simon},
    keywords = {own}
}

@inproceedings{Dinu:2010:FAM:1838206.1838423,
    title = {{A Formal Approach to MASQ}},
    year = {2010},
    booktitle = {Proceedings of the 9th International Conference on Autonomous Agents and Multiagent Systems: Volume 1 - Volume 1},
    author = {Dinu, Razvan and Stratulat, Tiberiu and Ferber, Jacques},
    pages = {1443--1444},
    series = {AAMAS '10},
    publisher = {International Foundation for Autonomous Agents and Multiagent Systems},
    url = {http://dl.acm.org/citation.cfm?id=1838206.1838423},
    address = {Richland, SC},
    isbn = {978-0-9826571-1-9},
    keywords = {MASQ, environment, group, institution, mind, multi-agent systems}
}

@inproceedings{Viroli:09:AFMISOC,
    title = {{A Framework for Modelling and Implementing Self-Organising Coordination}},
    year = {2009},
    booktitle = {24th Annual ACM Symposium on Applied Computing (SAC 2009)},
    author = {Viroli, Mirko and Casadei, Matteo and Omicini, Andrea},
    editor = {Shin, Sung Y and Ossowski, Sascha and Menezes, Ronaldo and Viroli, Mirko},
    pages = {1353--1360},
    volume = {III},
    publisher = {ACM},
    url = {http://dl.acm.org/citation.cfm?id=1529585},
    address = {Honolulu, Hawai'i, USA},
    isbn = {978-1-60558-166-8},
    doi = {10.1145/1529282.1529585}
}

@inproceedings{hamann2010hormone,
    title = {{A hormone-based controller for evolutionary multi-modular robotics: From single modules to gait learning}},
    year = {2010},
    booktitle = {IEEE Congress on Evolutionary Computation},
    author = {Hamann, Heiko and Stradner, JÃ¼rgen and Schmickl, Thomas and Crailsheim, Karl},
    pages = {1--8},
    organization = {IEEE}
}

@article{marino2011hybrid,
    title = {{A hybrid multi-compartment model of granuloma formation and T cell priming in tuberculosis}},
    year = {2011},
    journal = {Journal of theoretical biology},
    author = {Marino, Simeone and El-Kebir, Mohammed and Kirschner, Denise},
    number = {1},
    pages = {50--62},
    volume = {280},
    publisher = {Elsevier}
}

@article{kay1993localized,
    title = {{A localized differentiation-inducing-factor sink in the front of the Dictyostelium slug}},
    year = {1993},
    journal = {Proceedings of the National Academy of Sciences of the United States of America},
    author = {Kay, Robert R and Large, Sara and Traynor, David and Nayler, Oliver},
    number = {2},
    pages = {487--491},
    volume = {90}
}

@phdthesis{Deangelis:17:Phd,
    title = {{A Logic-Based Coordination Middleware for Self-Organising Systems: distributed reasoning based on many-valued logics}},
    year = {2017},
    author = {De Angelis, Francesco Luca},
    school = {University of Geneva, Phd in Information Systems}
}

@inproceedings{Boella:10:ALULI,
    title = {{A Logical Understanding of Legal Interpretation}},
    year = {2010},
    booktitle = {Proceedings of the Twelfth International Conference on Principles of Knowledge Representation and Reasoning (KR)},
    author = {Boella, Guido and Governatori, Guido and Rotolo, Antonino and van der Torre, Leendert},
    pages = {563--565},
    publisher = {Association for the Advancement of Artificial Intelligence}
}

@inproceedings{soysal2006macroscopic,
    title = {{A macroscopic model for self-organized aggregation in swarm robotic systems}},
    year = {2007},
    booktitle = {International Workshop on Swarm Robotics},
    author = {Soysal, Onur and {\textbackslash}cSahin, Erol},
    pages = {27--42},
    organization = {Springer}
}

@article{Puviani:12:AMFAME,
    title = {{A method fragments approach to methodologies for engineering self-organizing systems}},
    year = {2012},
    journal = {ACM Transactions on Autonomous Adaptive Systems},
    author = {Puviani, Mariachiara and Di Marzo Serugendo, Giovanna and Frei, Regina and Cabri, Giacomo},
    number = {3},
    month = {10},
    pages = {33:1--33:25},
    volume = {7},
    publisher = {ACM},
    url = {http://doi.acm.org/10.1145/2348832.2348836},
    address = {New York, NY, USA},
    doi = {10.1145/2348832.2348836},
    issn = {1556-4665},
    keywords = {own}
}

@article{palsson2000model,
    title = {{A model for individual and collective cell movement in Dictyostelium discoideum}},
    year = {2000},
    journal = {Proceedings of the National Academy of Sciences},
    author = {Palsson, Eirikur and Othmer, Hans G},
    number = {19},
    pages = {10448--10453},
    volume = {97},
    publisher = {National Acad Sciences}
}

@article{zahedmanesh2012multiscale,
    title = {{A multiscale mechanobiological modelling framework using agent-based models and finite element analysis: application to vascular tissue engineering}},
    year = {2012},
    journal = {Biomechanics and modeling in mechanobiology},
    author = {Zahedmanesh, Houman and Lally, Caitr\'\iona},
    number = {3-4},
    pages = {363--377},
    volume = {11},
    publisher = {Springer}
}

@article{lee1998mutation,
    title = {{A mutation in repB, the Dictyostelium homolog of the human xeroderma pigmentosum B gene, has increased sensitivity to UV-light but normal morphogenesis}},
    year = {1998},
    journal = {Biochimica et Biophysica Acta (BBA)-Gene Structure and Expression},
    author = {Lee, Sung-Keun and Yu, Sung-Lim and Alexander, Hannah and Alexander, Stephen},
    number = {2},
    pages = {161--172},
    volume = {1399},
    publisher = {Elsevier}
}

@incollection{schmickl2006navigation,
    title = {{A navigation algorithm for swarm robotics inspired by slime mold aggregation}},
    year = {2006},
    booktitle = {Swarm robotics},
    author = {Schmickl, Thomas and Crailsheim, Karl},
    pages = {1--13},
    publisher = {Springer}
}

@incollection{Fernandez:13:APBASSOSS,
    title = {{A Pattern-Based Architectural Style for Self-Organizing Software Systems}},
    year = {2013},
    booktitle = {Adaptive, Dynamic, and Resilient Systems},
    author = {Fernandez-Marquez, Jose Luis and Di Marzo Serugendo, Giovanna and Snyder, Paul and Valetto, Giuseppe},
    editor = {Cabri, Giacomo and Suri, Niranjan},
    publisher = {Taylor and Francis},
    keywords = {own}
}

@article{sabatier2011QuaCenAdvCoaFraInttoSpeIss,
    title = {{A Quarter Century of the Advocacy Coalition Framework: An Introduction to the Special Issue}},
    year = {2011},
    journal = {Policy Studies Journal},
    author = {Sabatier, Paul A and Jenkins{\&}{\#}8208;Smith, Hank C and Nohrstedt, Daniel and Douglas Henry, Adam and deLeon, Peter},
    number = {3},
    pages = {349--360},
    volume = {39},
    url = {http://www.ingentaconnect.com/content/bpl/psj/2011/00000039/00000003/art00001},
    doi = {10.1111/j.1541-0072.2011.00412.x}
}

@inproceedings{becker2010simulation,
    title = {{A simulation study of mechanisms of group selection of the slime mold Dictyostelium discoideum}},
    year = {2010},
    booktitle = {2010 IEEE 14th International Conference on Intelligent Engineering Systems},
    author = {Becker, Matthias},
    pages = {321--326},
    organization = {IEEE}
}

@inproceedings{Parunak:06:ASEMHHS,
    title = {{A Survey of Environments and Mechanisms for Human-human Stigmergy}},
    year = {2006},
    booktitle = {Proceedings of the 2Nd International Conference on Environments for Multi-Agent Systems},
    author = {Van Dyke Parunak, H},
    pages = {163--186},
    series = {E4MAS'05},
    publisher = {Springer-Verlag},
    url = {http://dx.doi.org/10.1007/11678809_10},
    address = {Berlin, Heidelberg},
    isbn = {3-540-32614-6, 978-3-540-32614-4},
    doi = {10.1007/11678809{\_}10}
}

@article{fortini2000survey,
    title = {{A survey of human disease gene counterparts in the Drosophila genome}},
    year = {2000},
    journal = {The Journal of cell biology},
    author = {Fortini, Mark E and Skupski, Marian P and Boguski, Mark S and Hariharan, Iswar K},
    number = {2},
    pages = {F23--F30},
    volume = {150},
    publisher = {Rockefeller Univ Press}
}

@article{kazeem2007,
    title = {{A Swarm Intelligence Based Coordination Algorithm for Distributed Multi-Agent Systems}},
    year = {2007},
    journal = {Integration of Knowledge Intensive Multi-Agent Systems},
    author = {Meng, Yan and Kazeem, Olorundamilola and Muller, Juan C},
    pages = {294--299},
    volume = {10},
    keywords = {own}
}

@article{Giraldeau1994,
    title = {{A test of the producer-scrounger foraging game in captive flocks of spice finches, Loncbura punctulata}},
    year = {1994},
    journal = {Behav Ecol Sociobio},
    author = {Giraldeau, Luc-Alain and Soos, Catherine and Beauchamp, Guy},
    number = {4},
    pages = {251--256},
    volume = {34},
    keywords = {own}
}

@book{festinger1970thecogdis,
    title = {{A theory of cognitive dissonance}},
    year = {1970},
    author = {Festinger, Leon},
    edition = {Reiss., [N},
    publisher = {Stanford Univ. Press},
    url = {http://gso.gbv.de/DB=2.1/CMD?ACT=SRCHA&SRT=YOP&IKT=1016&TRM=ppn+195689291&sourceid=fbw_bibsonomy},
    address = {Stanford, Calif.},
    keywords = {imported}
}

@article{Festinger:54:ATSCP,
    title = {{A theory of social comparison processes}},
    year = {1954},
    journal = {Human Relations},
    author = {Festinger, L},
    pages = {117--140},
    volume = {7}
}

@inproceedings{Colombo:12:ANSSPT,
    title = {{Abstract Normative Systems: Semantics and Proof Theory}},
    year = {2012},
    booktitle = {Proceedings of the Thirteenth International Conference on Principles of Knowledge Representation and Reasoning (KR)},
    author = {Colombo Tosatto, S and Boella, G and van der Torre, L and Villata, S},
    pages = {358--368},
    publisher = {Association for the Advancement of Artificial Intelligence}
}

@inproceedings{Fernandez2010CEC,
    title = {{Adapting Particle Swarm Optimization in dynamic and noisy environments}},
    year = {2010},
    booktitle = {IEEE Congress on Evolutionary Computation},
    author = {Fernandez-Marquez, Jose Luis and Arcos, Josep Llu\'\is},
    pages = {1--8}
}

@incollection{DiMarzo2013Architecture,
    title = {{Adaptive, Dynamic, and Resilient Systems}},
    author = {Serugendo, Giovanna Di Marzo and Fernandez-Marquez, Jose Luis and Snyder, Paul and Valetto, Giuseppe},
    editor = {Cabri, Giacomo and Suri, Niranjan},
    chapter = {Architectu},
    publisher = {Taylor and Francis}
}

@incollection{Risoldi2013DREF,
    title = {{Adaptive, Dynamic, and Resilient Systems}},
    chapter = {Resilience},
    publisher = {Taylor and Francis}
}

@article{Frei:11:ACE,
    title = {{Advances in complexity engineering}},
    year = {2011},
    journal = {Int. J. Bio-Inspired Comput.},
    author = {Frei, Regina and Di Marzo Serugendo, Giovanna},
    number = {4},
    month = {7},
    pages = {199--212},
    volume = {3},
    publisher = {Inderscience Publishers},
    url = {http://dx.doi.org/10.1504/IJBIC.2011.041144},
    address = {Inderscience Publishers, Geneva, SWITZERLAND},
    doi = {10.1504/IJBIC.2011.041144},
    issn = {1758-0366},
    keywords = {own}
}

@techreport{zufferey2013aerial,
    title = {{Aerial collective systems}},
    year = {2013},
    author = {Zufferey, Jean-Christophe and Hauert, Sabine and Stirling, Timothy and Leven, Severin and Roberts, James and Floreano, Dario},
    institution = {Pan Stanford}
}

@article{seal2011agent,
    title = {{Agent-based dynamic knowledge representation of Pseudomonas aeruginosa virulence activation in the stressed gut: Towards characterizing host-pathogen interactions in gut-derived sepsis}},
    year = {2011},
    journal = {Theoretical Biology and Medical Modelling},
    author = {Seal, John B and Alverdy, John C and Zaborina, Olga and An, Gary},
    number = {1},
    pages = {1},
    volume = {8},
    publisher = {BioMed Central}
}

@book{gilbert2008agent,
    title = {{Agent-based models}},
    year = {2008},
    author = {Gilbert, G Nigel},
    number = {153},
    publisher = {Sage}
}

@article{Parhizkar2018,
    title = {{Agent-based models for first- and second-order emergent collective behaviours of social amoeba Dictyostelium discoideum aggregation and migration phases}},
    year = {2018},
    journal = {Artificial Life and Robotics-Springer},
    author = {Parhizkar, Mohammad and Di Marzo Serugendo, Giovanna},
    number = {4},
    pages = {498--507},
    volume = {23},
    publisher = {Springer}
}

@article{Wolfgang2010,
    title = {{Amoeba-Inspired Network Design}},
    year = {2010},
    journal = {Science},
    author = {Wolfgang, Marwan},
    number = {5946},
    pages = {419--420},
    volume = {327},
    keywords = {own}
}

@inproceedings{Parhizkar:17:AABMCBSADDMAP,
    title = {{An Agent-Based Model for Collective Behaviors of Social Amoeba Dictyostelium discoideum Morphogenesis: Aggregation Phase}},
    year = {2017},
    booktitle = {International Conference on ï¿½: SWARM'17},
    author = {Parhizkar, Mohammad and Di Marzo Serugendo, Giovanna}
}

@inproceedings{Fernandez2009a,
    title = {{An evaporation mechanism for dynamic and noisy multimodal optimization}},
    year = {2009},
    booktitle = {Proceedings of the 11th Annual conference on Genetic and evolutionary computation},
    author = {Fernandez-Marquez, Jose Luis and Arcos, Josep Lluis},
    pages = {17--24},
    series = {GECCO '09},
    publisher = {ACM},
    isbn = {978-1-60558-325-9},
    keywords = {multimodal dynamic environments, noisy functions, particle swarm optimization}
}

@inproceedings{griffith2016evolutionary,
    title = {{An evolutionary approach to formation control with mobile robots}},
    year = {2016},
    booktitle = {PROCEEDINGS OF THE 8TH INTERNATIONAL JOINT CONFERENCE ON COMPUTATIONAL INTELLIGENCE, VOL 1: ECTA},
    author = {Griffith, Josephine and Holland, Jane and O'Riordan, Colm},
    organization = {SciTePress Digital Library}
}

@article{belem2013organizational,
    title = {{An organizational model for multi-scale and multi-formalism simulation: Application in carbon dynamics simulation in West-African Savanna}},
    year = {2013},
    journal = {Simulation modelling practice and theory},
    author = {Belem, Mahamadou and M{\"{u}}ller, Jean Pierre},
    pages = {83--98},
    volume = {32},
    publisher = {Elsevier}
}

@article{cooper2000,
    title = {{An Overview of Cells and Cell Research}},
    year = {2000},
    journal = {The Cell},
    author = {Cooper, Geoffrey M},
    number = {2},
    pages = {Chapter 1},
    publisher = {Sunderland, Massachusetts}
}

@inproceedings{Fernandez2012Aggregation,
    title = {{Analysis of new gradient based aggregation algorithms for data-propagation in distributed networks}},
    year = {2012},
    booktitle = {1st Int. Workshop on adaptive Service Ecosystems: Nature and Socially Inspired Solutions (ASENSIS) at 5th IEEE International Conference on Self-Adaptive and Self-Organizing Systems (SASO2012)},
    author = {Fernandez-Marquez, J L and Tchao, A.-E. and Di Marzo Serugendo, G and Stevenson, G and Ye, J and Dobson, S},
    keywords = {own}
}

@article{Doringo1996,
    title = {{Ant system: optimization by a colony of cooperating agents}},
    year = {1996},
    journal = {Systems, Man, and Cybernetics, Part B: Cybernetics, IEEE Transactions on},
    author = {Dorigo, M and Maniezzo, V and Colorni, A},
    number = {1},
    pages = {29--41},
    volume = {26},
    keywords = {own}
}

@article{Krieger2000,
    title = {{Ant-like task allocation and recruitment in cooperative robots}},
    year = {2000},
    journal = {Nature},
    author = {Krieger, Michael J B and Billeter, Jean-Bernard and Keller, Laurent},
    number = {6799},
    pages = {992--995},
    volume = {406},
    keywords = {own}
}

@article{cianci2008assembly,
    title = {{Assembly of configurations in a networked robotic system: A case study on a reconfigurable interactive table lamp}},
    year = {2008},
    journal = {Swarm Intelligence Symposium, 2008. SIS 2008. IEEE},
    author = {Cianci, Christopher M and Nembrini, Julien and Prorok, Amanda and Martinoli, Alcherio},
    pages = {1--7},
    keywords = {own}
}

@inproceedings{Snyder2012,
    title = {{Augmenting the Repertoire of Design Patterns for Self-Organized Software by Reverse Engineering a Bio-Inspired P2P System}},
    year = {2012},
    booktitle = {IEEE Sixth International Conference on Self-Adaptive and Self-Organizing Systems (SASO)},
    author = {Snyder, Paul L and Valetto, Giuseppe and Fernandez-Marquez, Jose Luis and Serugendo, Giovanna Di Marzo},
    pages = {199--204},
    keywords = {Biology;Catalogs;Peer to peer computing;Reverse en}
}

@article{gross2006autonomous,
    title = {{Autonomous self-assembly in swarm-bots}},
    year = {2006},
    journal = {IEEE transactions on robotics},
    author = {Gro{\ss}, Roderich and Bonani, Michael and Mondada, Francesco and Dorigo, Marco},
    number = {6},
    pages = {1115--1130},
    volume = {22},
    publisher = {IEEE}
}

@article{calvo2010autophagy,
    title = {{Autophagy in Dictyostelium: genes and pathways, cell death and infection}},
    year = {2010},
    journal = {Autophagy},
    author = {Calvo-Garrido, Javier and Carilla-Latorre, Sergio and Kubohara, Yuzuru and Santos-Rodrigo, Natalia and Mesquita, Ana and Soldati, Thierry and Golstein, Pierre and Escalante, Ricardo},
    number = {6},
    pages = {686--701},
    volume = {6},
    publisher = {Taylor {\&} Francis}
}

@article{blach1999,
    title = {{Behaviour-Based Formation Control for Multi-agent Teams}},
    year = {1999},
    journal = {IEEE Trans. on Agentics and Automation},
    author = {Balch, T and Arkin, R C},
    pages = {--},
    keywords = {own}
}

@incollection{fernandez2012BIOCORE,
    title = {{BIO-CORE: Bio-inspired Self-organising Mechanisms Core}},
    year = {2012},
    booktitle = {Bio-Inspired Models of Networks, Information, and Computing Systems},
    author = {Fernandez-Marquez, Jose Luis and Serugendo, Giovanna Di Marzo and Montagna, Sara},
    editor = {Hart, Emma and Timmis, Jon and Mitchell, Paul and Nakamo, Takadash and Dabiri, Foad},
    pages = {59--72},
    series = {Lecture Notes of the Institute for Computer Sciences, Social Informatics and Telecommunications Engineering},
    volume = {103},
    publisher = {Springer Berlin Heidelberg},
    isbn = {978-3-642-32710-0},
    keywords = {Bio-inspired design patterns; self-organising syst}
}

@book{Fernandez2012Book,
    title = {{Bio-inspired Mechanisms for Self-organising Systems}},
    year = {2012},
    author = {Fernandez-Marquez, Jose Luis},
    publisher = {CSIC Press}
}

@article{Schmickl2007b,
    title = {{Bio-inspired navigation of autonomous robots in heterogenous environments}},
    year = {2007},
    journal = {International Journal of Factory Automation, Robotics and Soft Computing},
    author = {Thomas, Schmickl and Christoph, MÃ¶slinger and Ronald, Thenius and Karl, Crailsheim},
    pages = {164--170},
    volume = {3},
    keywords = {own}
}

@article{Kay2008,
    title = {{Bleb-driven chemotaxis of Dictyostelium cells}},
    year = {2014},
    journal = {The Journal of cell biology},
    author = {Zatulovskiy, Evgeny and Tyson, Richard and Bretschneider, Till and Kay, Robert R},
    number = {6},
    pages = {1027--1044},
    volume = {204},
    keywords = {own}
}

@inproceedings{Mazac:14:BSMPCLSCE,
    title = {{Bootstrapping sensori-motor patterns for a constructivist learning system in continuous environments}},
    year = {2014},
    booktitle = {14th International Conference on the Synthesis and Simulation of Living Systems (Alife'14)},
    author = {Mazac, S and Armetta, F and Hassas, S},
    address = {New York, NY, USA}
}

@article{lamieri2006capturing,
    title = {{Capturing complexity through agent-based models and the quest for the enterprise}},
    year = {2006},
    journal = {Available at SSRN 1008755},
    author = {Lamieri, Marco}
}

@article{coates2001cell,
    title = {{Cell-cell adhesion and signal transduction during Dictyostelium development}},
    year = {2001},
    journal = {Journal of Cell Science},
    author = {Coates, Juliet C and Harwood, Adrian J},
    number = {24},
    pages = {4349--4358},
    volume = {114},
    publisher = {The Company of Biologists Ltd}
}

@article{dilao2013chemotaxis,
    title = {{Chemotaxis with directional sensing during Dictyostelium aggregation}},
    year = {2013},
    journal = {Comptes rendus biologies},
    author = {Dil{\~{a}}o, Rui and Hauser, Marcus J B},
    number = {11-12},
    pages = {565--571},
    volume = {336},
    publisher = {Elsevier}
}

@article{veltman2007,
    title = {{Chemotaxis: Navigating by Multiple Signaling Pathways}},
    year = {2007},
    journal = {Sci STKE},
    author = {Van Haastert, Peter J M and Veltman, Douwe M},
    number = {396},
    pages = {1--5},
    volume = {2007},
    keywords = {own}
}

@article{yamauchi1999,
    title = {{Collaborative coverage using a swarm of networked miniature robots}},
    year = {2009},
    journal = {Elsevier},
    author = {Rutishauser, Samuel and Correll, Nikolaus and Martinoli, Alcherio},
    number = {8},
    pages = {517--525},
    volume = {57},
    keywords = {own}
}

@inproceedings{Ferscha:2015:CAS,
    title = {{Collective Adaptive Systems}},
    year = {2015},
    booktitle = {Adjunct Proceedings of the 2015 ACM International Joint Conference on Pervasive and Ubiquitous Computing and Proceedings of the 2015 ACM International Symposium on Wearable Computers},
    author = {Ferscha, Alois},
    pages = {893--895},
    series = {UbiComp/ISWC'15 Adjunct},
    publisher = {ACM},
    url = {http://doi.acm.org/10.1145/2800835.2809508},
    address = {New York, NY, USA},
    isbn = {978-1-4503-3575-1},
    doi = {10.1145/2800835.2809508},
    keywords = {collective adaptive systems, pervasive computing, self-organization, superorganism, wearable computing}
}

@article{reid2016collective,
    title = {{Collective behaviour and swarm intelligence in slime moulds}},
    year = {2016},
    journal = {FEMS Microbiology Reviews},
    author = {Reid, Chris R and Latty, Tanya},
    pages = {33},
    publisher = {The Oxford University Press}
}

@article{weijer2009collective,
    title = {{Collective cell migration in development}},
    year = {2009},
    journal = {Journal of cell science},
    author = {Weijer, Cornelis J},
    number = {18},
    pages = {3215--3223},
    volume = {122},
    publisher = {The Company of Biologists Ltd}
}

@article{friedl2009collective,
    title = {{Collective cell migration in morphogenesis, regeneration and cancer}},
    year = {2009},
    journal = {Nature reviews Molecular cell biology},
    author = {Friedl, Peter and Gilmour, Darren},
    number = {7},
    pages = {445--457},
    volume = {10},
    publisher = {Nature Publishing Group}
}

@article{kriebel2008collective,
    title = {{Collective cell migration requires vesicular trafficking for chemoattractant delivery at the trailing edge}},
    year = {2008},
    journal = {The Journal of cell biology},
    author = {Kriebel, Paul W and Barr, Valarie A and Rericha, Erin C and Zhang, Guofeng and Parent, Carole A},
    number = {5},
    pages = {949--961},
    volume = {183},
    publisher = {Rockefeller Univ Press}
}

@article{Kamino2011,
    title = {{Collective oscillations in developing cells: Insights from simple systems}},
    year = {2011},
    journal = {Develop. Growth Differ.},
    author = {Kamino, Keita and Fujimoto, Koichi and Sawai, Satoshi},
    pages = {503--517},
    volume = {53},
    keywords = {own}
}

@book{knoke1996Compolnet,
    title = {{Comparing policy networks}},
    year = {1996},
    editor = {Knoke, David},
    series = {Cambridge studies in comparative politics},
    publisher = {Cambridge Univ. Press},
    url = {http://gso.gbv.de/DB=2.1/CMD?ACT=SRCHA&SRT=YOP&IKT=1016&TRM=ppn+191214507&sourceid=fbw_bibsonomy},
    address = {Cambridge [u.a.]},
    isbn = {0521495881},
    keywords = {Besch{\"{a}}ftigungspolitik Deutschland Germany Industri}
}

@article{shao2010computational,
    title = {{Computational model for cell morphodynamics}},
    year = {2010},
    journal = {Physical review letters},
    author = {Shao, Danying and Rappel, Wouter-Jan and Levine, Herbert},
    number = {10},
    pages = {108104},
    volume = {105},
    publisher = {APS}
}

@article{ducatelle2014cooperative,
    title = {{Cooperative navigation in robotic swarms}},
    year = {2014},
    journal = {Swarm Intelligence},
    author = {Ducatelle, Frederick and Di Caro, Gianni A and F{\"{o}}rster, Alexander and Bonani, Michael and Dorigo, Marco and Magnenat, StÃ©phane and Mondada, Francesco and O?Grady, Rehan and Pinciroli, Carlo and R{\'{e}}tornaz, Philippe and {others}},
    number = {1},
    pages = {1--33},
    volume = {8},
    publisher = {Springer}
}

@article{Gelernter:1992:CLS:129630.129635,
    title = {{Coordination Languages and Their Significance}},
    year = {1992},
    journal = {Commun. ACM},
    author = {Gelernter, David and Carriero, Nicholas},
    number = {2},
    month = {2},
    pages = {97--107},
    volume = {35},
    publisher = {ACM},
    url = {http://doi.acm.org/10.1145/129630.129635},
    address = {New York, NY, USA},
    doi = {10.1145/129630.129635},
    issn = {0001-0782},
    keywords = {Linda, coordination languages}
}

@article{Fates2007,
    title = {{Decentralised grouping on a discrete field: preliminary study of a bio-inspired model from Dictyostelium Discoideum}},
    year = {2008},
    journal = {HAL.Inira},
    author = {Fates, Nazim},
    pages = {1--19},
    keywords = {own}
}

@article{Fernandez2012NACO,
    title = {{Description and composition of bio-inspired design patterns: a complete overview}},
    year = {2012},
    journal = {Natural Computing},
    author = {Fernandez-Marquez, J L and Di Marzo Serugendo, G and Montagna, S and Viroli, M and Arcos, J L},
    pages = {1--25},
    publisher = {Springer Netherlands},
    issn = {1567-7818},
    keywords = {own}
}

@inproceedings{fernandezmarquez2011dcbd,
    title = {{Description and composition of bio-inspired design patterns: the gossip case}},
    year = {2011},
    booktitle = {8th IEEE International Conference and Workshops on Engineering of Autonomic and Autonomous Systems (EASe)},
    author = {Fernandez-Marquez, Jose Luis and Arcos, Josep Lluis and Serugendo, Giovanna Di Marzo and Casadei, Matteo},
    pages = {87--96},
    organization = {IEEE}
}

@inproceedings{Fernandez:11:BADS,
    title = {{Description and Composition of Bio-Inspired Design Patterns: The Gradient Case}},
    year = {2011},
    booktitle = {Workshop on Bio-Inspired and Self-* Algorithms for Distributed Systems (BADS)},
    author = {Fernandez-Marquez, Jose Luis and {and Josep Lluis Arcos} and Serugendo, Giovanna Di Marzo and Viroli, Mirko and Montagna, Sara},
    pages = {25--32},
    publisher = {ACM}
}

@incollection{Bouffanais2016,
    title = {{Design and Control of Swarm Dynamics}},
    year = {2016},
    author = {Bouffanais, Roland},
    chapter = {One},
    publisher = {Springer Singapore Heidelberg}
}

@inproceedings{pamecha1996design,
    title = {{Design and implementation of metamorphic robots}},
    year = {1996},
    booktitle = {Proceedings of the 1996 ASME Design Engineering Technical Conference and Computers in Engineering Conference},
    author = {Pamecha, Amit and Chiang, Chih-Jung and Stein, David and Chirikjian, Gregory},
    pages = {441--448},
    volume = {10},
    organization = {Irvine, California, USA: ASME}
}

@article{Gazebo,
    title = {{Design and use paradigms for gazebo, an open-source multi-robot simulator}},
    year = {2004},
    journal = {Intelligent Robots and Systems, 2004.(IROS 2004). Proceedings. 2004 IEEE/RSJ International Conference on},
    author = {Koenig, Nathan and Howard, Andrew},
    pages = {2149--2154},
    volume = {3},
    keywords = {own}
}

@book{Gamma1995,
    title = {{Design Patterns: Elements of reusable Object-Oriented Software}},
    year = {1995},
    author = {Gamma, E and Helm, R and Johnson, R and Vlissides, J},
    publisher = {Addison-Wesley},
    address = {Reading, Mass.}
}

@incollection{Mendez14,
    title = {{Design, Development, and Use of Secure Electronic Voting Systems}},
    year = {2014},
    author = {Mendez, Fernando and Serd{\"{u}}lt, Uwe},
    editor = {Zissis, Dimitrios and Lekkas, Dimitrios},
    chapter = {From initi},
    publisher = {IGI Global},
    keywords = {own}
}

@article{Zambonelli2014,
    title = {{Developing pervasive multi-agent systems with nature-inspired coordination}},
    year = {2015},
    journal = {Pervasive and Mobile Computing},
    author = {Zambonelli, Franco and Omicini, Andrea and Anzengruber, Bernhard and Castelli, Gabriella and Angelis, Francesco L De and Serugendo, Giovanna Di Marzo and Dobson, Simon and Fernandez-Marquez, Jose Luis and Ferscha, Alois and Mamei, Marco and Mariani, Stefano and Molesini, Ambra and Montagna, Sara and Nieminen, Jussi and Pianini, Danilo and Risoldi, Matteo and Rosi, Alberto and Stevenson, Graeme and Viroli, Mirko and Ye, Juan},
    pages = {236--252},
    volume = {17, Part B},
    url = {http://www.sciencedirect.com/science/article/pii/S1574119214001904},
    doi = {http://dx.doi.org/10.1016/j.pmcj.2014.12.002},
    issn = {1574-1192},
    keywords = {Coordination models, Multi-agent systems, Pervasive computing, Self-organization}
}

@article{frampton2013development,
    title = {{Development and validation of a clinical cancer genomic profiling test based on massively parallel DNA sequencing}},
    year = {2013},
    journal = {Nature biotechnology},
    author = {Frampton, Garrett M and Fichtenholtz, Alex and Otto, Geoff A and Wang, Kai and Downing, Sean R and He, Jie and Schnall-Levin, Michael and White, Jared and Sanford, Eric M and An, Peter and {others}},
    number = {11},
    pages = {1023--1031},
    volume = {31},
    publisher = {Nature Publishing Group}
}

@article{tian2013dictyostelium,
    title = {{Dictyostelium development shows a novel pattern of evolutionary conservation}},
    year = {2013},
    journal = {Molecular biology and evolution},
    author = {Tian, Xiangjun and Strassmann, Joan E and Queller, David C},
    pages = {mst007},
    publisher = {SMBE}
}

@book{loomis2012dictyostelium,
    title = {{Dictyostelium discoideum: a developmental system}},
    year = {2012},
    author = {Loomis, William},
    publisher = {Elsevier}
}

@article{Williams2010,
    title = {{Dictyostelium Finds New Roles to Model}},
    year = {2010},
    journal = {Genetics Society of America},
    author = {Williams, Jeffrey G},
    pages = {717--726},
    volume = {185},
    keywords = {own}
}

@article{weijer2004dictyostelium,
    title = {{Dictyostelium morphogenesis}},
    year = {2004},
    journal = {Current opinion in genetics {\&} development},
    author = {Weijer, Cornelis J},
    number = {4},
    pages = {392--398},
    volume = {14},
    publisher = {Elsevier}
}

@incollection{weijer2009dictyostelium,
    title = {{Dictyostelium: Cell Sorting and Patterning}},
    year = {2001},
    booktitle = {eLS},
    author = {Weijer, Cornelis J and Williams, Jeffrey G},
    publisher = {John Wiley {\&} Sons, Ltd},
    url = {http://dx.doi.org/10.1002/9780470015902.a0001116.pub2},
    isbn = {9780470015902},
    doi = {10.1002/9780470015902.a0001116.pub2},
    keywords = {cell differentiation, cell sorting, chemotaxis, morphogenesis}
}

@book{kessin2001,
    title = {{Dictyostelium: evolution, cell biology, and the development of multicellularity}},
    year = {2001},
    author = {Kessin, Richard H},
    volume = {38},
    publisher = {Cambridge University Press}
}

@article{Serdult:02:DSNMUBZSA,
    title = {{Die Soziale Netzwerkanalyse: eine Methode zur Untersuchung von Beziehungen zwischen sozialen Akteuren}},
    year = {2016},
    journal = {Austrian Journal of Political Science},
    author = {Serd{\"{u}}lt, Uwe},
    number = {2},
    pages = {127--142},
    volume = {31}
}

@article{almeida2016directional,
    title = {{Directional sensing and streaming in Dictyostelium aggregation}},
    year = {2016},
    journal = {Physical Review E},
    author = {Almeida, Sofia and Dil{\~{a}}o, Rui},
    number = {5},
    pages = {52402},
    volume = {93},
    publisher = {APS}
}

@article{janetopoulos2008directional,
    title = {{Directional sensing during chemotaxis}},
    year = {2008},
    journal = {FEBS letters},
    author = {Janetopoulos, Christopher and Firtel, Richard A},
    number = {14},
    pages = {2075--2085},
    volume = {582},
    publisher = {Wiley Online Library}
}

@article{zahadat2016division,
    title = {{Division of labor in a swarm of autonomous underwater robots by improved partitioning social inhibition}},
    year = {2016},
    journal = {Adaptive Behavior},
    author = {Zahadat, Payam and Schmickl, Thomas},
    pages = {1059712316633028},
    publisher = {SAGE Publications}
}

@article{cosson2008eat,
    title = {{Eat, kill or die: when amoeba meets bacteria}},
    year = {2008},
    journal = {Current opinion in microbiology},
    author = {Cosson, Pierre and Soldati, Thierry},
    number = {3},
    pages = {271--276},
    volume = {11},
    publisher = {Elsevier}
}

@article{Hayashi2015,
    title = {{Effect of Pair Interactions on Transition Probabilities between Inactive and Active States -ï¿½ï¿½ Achieving Collective Behaviour via Pair Interactions in Social Insects}},
    year = {2015},
    journal = {Journal of the Physical Society of Japan},
    author = {Hayashi, Yoshikatsu and Yuki, Mai and Kikuchi, Tomonori and Tsuji, Kazuki and Sugawara, Ken},
    number = {10},
    pages = {10801--10805},
    volume = {84},
    keywords = {own}
}

@article{spector2005,
    title = {{Emergence of Collective Behavior in Evolving Populations of Flying Agents}},
    year = {2005},
    journal = {Genetic Programming and Evolvable Machines},
    author = {Spector, Lee and Klein, Jon and Perry, Chris and Feinstein, Mark},
    number = {1},
    pages = {111--125},
    volume = {6},
    keywords = {own}
}

@incollection{Dimarzo:14:ESSCAEM,
    title = {{Engineering Spatial Services: Concepts, Architecture, and Execution Models}},
    year = {2014},
    booktitle = {Handbook of Research on Architectural Trends in Service-Driven Computing},
    author = {Di Marzo Serugendo, Giovanna and Fernandez-Marquez, Jose Luis and De Angelis, Francesco Luca},
    editor = {Ramanathan, R and Raja, K},
    pages = {136--159},
    publisher = {IGI Global},
    keywords = {own}
}

@inproceedings{Fernandez08,
    title = {{Evaporation as a Self-Adaptation Mechanism for PSO}},
    year = {2008},
    booktitle = {Proceedings of the Second IEEE International Conference on Self-Adaptive and Self-Organizing Systems},
    author = {Fernandez-Marquez, Jose Luis and Arcos, Josep Lluis},
    pages = {465--466},
    publisher = {IEEE},
    isbn = {978-0-7695-3404-6}
}

@article{Woolley:10:ECIFPHG,
    title = {{Evidence for a collective intelligence factor in the performance of human groups}},
    year = {2010},
    journal = {Science},
    author = {Woolley, A W and Chabris, C F and Pentland, A and Hashmi, N and Malone, T W},
    number = {6004},
    pages = {686--688},
    volume = {330}
}

@misc{nolfi2000evolutionary,
    title = {{Evolutionary robotics}},
    year = {2000},
    author = {Nolfi, Stefano and Floreano, Dario},
    publisher = {Mit Press Cambridge}
}

@article{ward2001,
    title = {{Evolving collective behaviour in an artificial ecology}},
    year = {2001},
    journal = {Artificial Life},
    author = {Ward, Christopher R and Gobet, Fernand and Kendall, Graham},
    number = {2},
    pages = {191--209},
    volume = {7},
    keywords = {own}
}

@inproceedings{serdult2015FifyeaintvotSwiHisGovUse_2,
    title = {{Fifteen years of internet voting in Switzerland [History, Governance and Use]}},
    year = {2015},
    booktitle = {eDemocracy {\&}amp; eGovernment (ICEDEG), 2015 Second International Conference on},
    author = {Serdult, U and Germann, M and Mendez, F and Portenier, A and Wellig, C},
    pages = {126--132},
    publisher = {IEEE},
    url = {http://ieeexplore.ieee.org/stamp/stamp.jsp?arnumber=7114482},
    isbn = {978-3-9075-8910-6},
    doi = {10.1109/ICEDEG.2015.7114482}
}

@article{MohammadReport2015,
    title = {{First Year Ph.D Report: Social Amoeba Dictyostelium Discoideum As an Inspiration for Swarm Robotics}},
    year = {2015},
    author = {Parhizkar, Mohammad},
    url = {http://archive-ouverte.unige.ch/unige:85540}
}

@inproceedings{Lana:08:FKMERRDICIE,
    title = {{Four kinds of models of emergent representations resulting from the decomposition individual/collective and internal/external}},
    year = {2008},
    booktitle = {Proceedings of 5th European Conference on Complex Systems (ECCS'08)},
    author = {de Carvalho, L and Hassas, S and Lopes, E J and Cordier, A}
}

@inproceedings{zahadat2010fractal,
    title = {{Fractal gene regulatory networks for robust locomotion control of modular robots}},
    year = {2010},
    booktitle = {International Conference on Simulation of Adaptive Behavior},
    author = {Zahadat, Payam and Christensen, David Johan and Schultz, Ulrik Pagh and Katebi, Serajeddin and Stoy, Kasper},
    pages = {544--554},
    organization = {Springer}
}

@phdthesis{maree2000pattern,
    title = {{From Pattern Formation to Morphogenesis. Multicellular Coordination in Dictyostelium discoideum. Utrecht, 2000. 152 p}},
    year = {2000},
    author = {MAR{\'{E}}E, A F M},
    school = {Tese de Doutorado, Departament of Theoretical Biology and Bioinformatics{\~{}}{\ldots}}
}

@article{zahadat2014generation,
    title = {{Generation of diversity in a reaction-diffusion-based controller}},
    year = {2014},
    journal = {Artificial life},
    author = {Zahadat, Payam and Schmickl, Thomas},
    number = {3},
    pages = {319--342},
    volume = {20},
    publisher = {MIT Press}
}

@phdthesis{fitch2004heterogeneous,
    title = {{Heterogeneous self-reconfiguring robotics}},
    year = {2004},
    author = {Fitch, Robert Charles},
    school = {DARTMOUTH COLLEGE Hanover, New Hampshire}
}

@inproceedings{manavopoulos2015HomamoVAAusecasEcu,
    title = {{Homophily among VAA users: the case of Ecuador}},
    year = {2015},
    booktitle = {eDemocracy {\&}amp; eGovernment (ICEDEG), 2015 Second International Conference on},
    author = {Manavopoulos, V and Mendez, F and Serdu, amp and {\#}x, lt},
    pages = {61--66},
    publisher = {IEEE},
    url = {http://ieeexplore.ieee.org/stamp/stamp.jsp?arnumber=7114487},
    isbn = {978-3-9075-8910-6},
    doi = {10.1109/ICEDEG.2015.7114487}
}

@article{Shen2004,
    title = {{Hormone-Inspired Self-Organization and Distributed Control of Robotic Swarms}},
    year = {2004},
    journal = {Autonomous Robots},
    author = {Shen, Wei-Min and Will, Peter and Galstyan, Aram and Chuong, Cheng-Ming},
    number = {1},
    pages = {93--105},
    volume = {17},
    keywords = {own}
}

@article{strassmann2011social,
    title = {{How social evolution theory impacts our understanding of development in the social amoeba Dictyostelium}},
    year = {2011},
    journal = {Development, growth {\&} differentiation},
    author = {Strassmann, Joan E and Queller, David C},
    number = {4},
    pages = {597--607},
    volume = {53},
    publisher = {Wiley Online Library}
}

@article{Jennings:2014:HC:2692965.2629559,
    title = {{Human-agent Collectives}},
    year = {2014},
    journal = {Commun. ACM},
    author = {Jennings, N R and Moreau, L and Nicholson, D and Ramchurn, S and Roberts, S and Rodden, T and Rogers, A},
    number = {12},
    month = {11},
    pages = {80--88},
    volume = {57},
    publisher = {ACM},
    url = {http://doi.acm.org/10.1145/2629559},
    address = {New York, NY, USA},
    doi = {10.1145/2629559},
    issn = {0001-0782}
}

@article{Garcia15,
    title = {{Ideological and Temporal Components of Network Polarization in Online Political Participatory Media}},
    year = {2015},
    journal = {Policy {\&} Internet},
    author = {Garcia, David and Abisheva, Adiya and Schweighofer, Simon and Serd{\"{u}}lt, Uwe and Schweitzer, Frank},
    number = {1},
    volume = {7},
    keywords = {own}
}

@article{Fernandez-Marquez:2011TAAS,
    title = {{Infrastructureless Spatial Storage Algorithms}},
    year = {2011},
    journal = {ACM Transactions on Autonomous and Adaptive Systems},
    author = {Fernandez-Marquez, Jose Luis and Serugendo, Giovanna Di Marzo and Arcos, Josep Lluis},
    number = {2},
    pages = {15:1--15:26},
    volume = {6},
    publisher = {ACM},
    issn = {1556-4665},
    keywords = {Microcomputers, data dissemination, mobile code, portable devices, spatial computing, wireless networks}
}

@inproceedings{Fernandez2010SAC,
    title = {{Infrastructureless storage in dynamic environments}},
    year = {2010},
    booktitle = {Proceedings of ACM Symposium on Applied Computing (SAC)},
    author = {Fernandez-Marquez, Jose Luis and Arcos, Josep Lluis and Serugendo, Giovanna Di Marzo},
    pages = {1334--1338},
    series = {SAC '10},
    publisher = {ACM},
    isbn = {978-1-60558-639-7},
    keywords = {data dissemination, mobile code, spatial computing, wireless network}
}

@article{Sara2012journal,
    title = {{Injecting Self-Organisation into Pervasive Service Ecosystems}},
    year = {2012},
    journal = {Mobile Networks and Applications},
    author = {Montagna, Sara and Viroli, Mirko and Fernandez-Marquez, Jose Luis and Serugendo, Giovanna Di Marzo and Zambonelli, Franco},
    pages = {1--15},
    publisher = {Springer US},
    doi = {10.1007/s11036-012-0411-1},
    issn = {1383-469X},
    keywords = {Self-organising systems; Bio-inspired mechanisms;}
}

@article{GermannSerdult14,
    title = {{Internet Voting for Expatriates: The Swiss Case}},
    year = {2014},
    journal = {JeDEM - eJournal of eDemocracy {\&} Open Government},
    author = {Germann, Micha and Serd{\"{u}}lt, Uwe},
    number = {2},
    pages = {197--215},
    volume = {6},
    keywords = {own}
}

@inproceedings{duarte2014jbotevolver,
    title = {{JBotEvolver: A versatile simulation platform for evolutionary robotics}},
    year = {2014},
    booktitle = {Proceedings of the International Conference on the Simulation {\&} Synthesis of Living Systems (ALIFE)},
    author = {Duarte, Miguel and Silva, Fernando and Rodrigues, Tiago and Oliveira, Sancho Moura and Christensen, Anders Lyhne},
    pages = {210--211},
    organization = {Citeseer}
}

@inproceedings{Fernandez09a,
    title = {{Keeping diversity when exploring dynamic environments}},
    year = {2009},
    booktitle = {Proceedings of the 2009 ACM symposium on Applied Computing (SAC)},
    author = {Fernandez-Marquez, Jose Luis and Arcos, Josep Lluis},
    pages = {1192--1196},
    publisher = {ACM},
    isbn = {978-1-60558-166-8}
}

@article{Nagpal2012,
    title = {{Kilobot: A low cost scalable robot system for collective behaviors}},
    year = {2012},
    journal = {Robotics and Automation (ICRA), 2012 IEEE International Conference},
    author = {Rubenstein, Michael and Ahler, Christian and Nagpal, Radhika},
    pages = {3293--3298},
    keywords = {own}
}

@inproceedings{chirikjian1994kinematics,
    title = {{Kinematics of a metamorphic robotic system}},
    year = {1994},
    booktitle = {Robotics and Automation, 1994. Proceedings., 1994 IEEE International Conference on},
    author = {Chirikjian, Gregory S},
    pages = {449--455},
    organization = {IEEE}
}

@article{grasse59,
    title = {{La reconstruction du nid et les coordinations interindividuelles chez Bellicositermes natalensis et Cubitermes sp. La th{\'{e}}orie de la stigmergieï¿½: essai d'interpr{\'{e}}tation du comportement des termites constructeurs.}},
    year = {1959},
    journal = {Insectes Sociaux,},
    author = {Grass{\'{e}}, P P},
    number = {1},
    pages = {41--83},
    volume = {6}
}

@article{dick2012linking,
    title = {{Linking inflammation, cardiorespiratory variability, and neural control in acute inflammation via computational modeling}},
    year = {2012},
    author = {Dick, Thomas E and Molkov, Yaroslav I and Nieman, Gary and Hsieh, Yee-Hsee and Jacono, Frank J and Doyle, John and Scheff, Jeremy D and Calvano, Steve E and Androulakis, Ioannis P and An, Gary and {others}}
}

@inproceedings{Deangelis:16:LFCELP,
    title = {{Logic Fragments: coordinating entities with logic programs}},
    year = {2016},
    booktitle = {7th International Symposium On Leveraging Applications of Formal Methods Verification and Validation (ISOLA),},
    author = {De Angelis, Francesco Luca and Di Marzo Serugendo, Giovanna}
}

@article{Williams1999,
    title = {{Loss of a prolyl oligopeptidase confers resistance to lithium by elevation of inositol (1,4,5) trisphosphate}},
    year = {1999},
    journal = {The EMBO Journal},
    author = {Williams, R S B and Eames, M and Ryves, W J and Viggars, J and Harwood, A J},
    number = {10},
    pages = {2734--2745},
    volume = {18},
    keywords = {own}
}

@inproceedings{Stratulat:2009:MTIAI,
    title = {{MASQ: Towards an Integral Approach to Interaction}},
    year = {2009},
    booktitle = {Proceedings of The 8th International Conference on Autonomous Agents and Multiagent Systems - Volume 2},
    author = {Stratulat, Tiberiu and Ferber, Jacques and Tranier, John},
    pages = {813--820},
    series = {AAMAS '09},
    publisher = {International Foundation for Autonomous Agents and Multiagent Systems},
    url = {http://dl.acm.org/citation.cfm?id=1558109.1558124},
    address = {Richland, SC},
    isbn = {978-0-9817381-7-8},
    keywords = {4-quadrant approach, MASQ, institutions, organizations}
}

@article{dallon2006mathematically,
    title = {{Mathematically modelling the effects of counting factor in Dictyostelium discoideum}},
    year = {2006},
    journal = {Mathematical Medicine and Biology},
    author = {Dallon, John and Jang, Wonhee and Gomer, Richard H},
    number = {1},
    pages = {45--62},
    volume = {23},
    publisher = {IMA}
}

@article{mogilner2009mathematics,
    title = {{Mathematics of cell motility: have we got its number?}},
    year = {2009},
    journal = {Journal of mathematical biology},
    author = {Mogilner, Alex},
    number = {1-2},
    pages = {105--134},
    volume = {58},
    publisher = {Springer}
}

@inproceedings{Dimarzo:10:MAADMD,
    title = {{MetaSelf: an architecture and a development method for dependable self-* systems}},
    year = {2010},
    booktitle = {Proceedings of the 2010 ACM Symposium on Applied Computing},
    author = {Di Marzo Serugendo, Giovanna and Fitzgerald, John and Romanovsky, Alexander},
    pages = {457--461},
    series = {SAC '10},
    publisher = {ACM},
    url = {http://doi.acm.org/10.1145/1774088.1774184},
    address = {New York, NY, USA},
    keywords = {own}
}

@article{Graves2008,
    title = {{Mind, Brain and the Elusive Soul Human Systems of Cognitive Science and Religion}},
    year = {2008},
    author = {Mark, Graves},
    keywords = {own}
}

@article{martinoli2006,
    title = {{Modelling Swarm Robotic Systems: a Case Study in Collaborative Distributed Manipulation}},
    year = {2004},
    journal = {The International Journal of Robotics},
    author = {Martinoli, Alcherio and Easton, Kjerstin and Agassounon, William},
    number = {4},
    pages = {415--436},
    volume = {23},
    keywords = {own}
}

@article{baca2014modred,
    title = {{Modred: Hardware design and reconfiguration planning for a high dexterity modular self-reconfigurable robot for extra-terrestrial exploration}},
    year = {2014},
    journal = {Robotics and Autonomous Systems},
    author = {Baca, JosÃ© and Hossain, S G M and Dasgupta, Prithviraj and Nelson, Carl A and Dutta, Ayan},
    number = {7},
    pages = {1002--1015},
    volume = {62},
    publisher = {Elsevier}
}

@article{yim2007modular,
    title = {{Modular self-reconfigurable robot systems [grand challenges of robotics]}},
    year = {2007},
    journal = {IEEE Robotics {\&} Automation Magazine},
    author = {Yim, Mark and Shen, Wei-Min and Salemi, Behnam and Rus, Daniela and Moll, Mark and Lipson, Hod and Klavins, Eric and Chirikjian, Gregory S},
    number = {1},
    pages = {43--52},
    volume = {14},
    publisher = {IEEE}
}

@article{Li2000,
    title = {{Molecular basis for resistance to the anticancer drug cisplatin in Dictyostelium}},
    year = {2000},
    journal = {Microbiology},
    author = {Li, Guochun and Alexander, Hannah and Schneider, Natalie and Alexander, Stephen},
    number = {9},
    pages = {2219--2227},
    volume = {146},
    keywords = {own}
}

@article{boulais2010molecular,
    title = {{Molecular characterization of the evolution of phagosomes}},
    year = {2010},
    journal = {Molecular systems biology},
    author = {Boulais, Jonathan and Trost, Matthias and Landry, Christian R and Dieckmann, RÃ©gis and Levy, Emmanuel D and Soldati, Thierry and Michnick, Stephen W and Thibault, Pierre and Desjardins, Michel},
    number = {1},
    pages = {423},
    volume = {6},
    publisher = {EMBO Press}
}

@book{uhrmacher2009multi,
    title = {{Multi-Agent systems: Simulation and applications}},
    year = {2009},
    author = {Uhrmacher, Adelinde M and Weyns, Danny},
    publisher = {CRC press}
}

@article{seck2012multi,
    title = {{Multi-perspective modelling of complex phenomena}},
    year = {2012},
    journal = {Computational and Mathematical Organisation Theory},
    author = {Seck, Mamadou D and Honig, H Job},
    number = {1},
    pages = {128--144},
    volume = {18},
    publisher = {Springer}
}

@article{FrancaKoh2006,
    title = {{Navigating signaling networks: chemotaxis in Dictyostelium discoideum}},
    year = {2006},
    journal = {Current Opinion in Genetics {\&} Development},
    author = {Franca-Koh, Jonathan and Kamimura, Yoichiro and Devreotes, Peter},
    number = {4},
    pages = {333--338},
    volume = {16},
    keywords = {own}
}

@article{robins2011Netgovenvmanconcoo,
    title = {{Network governance and environmental management: conflict and cooperation}},
    year = {2011},
    journal = {Public Administration},
    author = {Robins, Garry and Bates, Lorraine and Pattison, Philippa},
    number = {4},
    pages = {1293--1313},
    volume = {89},
    publisher = {Wiley Online Library},
    url = {http://onlinelibrary.wiley.com/doi/10.1111/j.1467-9299.2010.01884.x/full; https://publications.csiro.au/rpr/download?pid=csiro:EP105791&dsid=DS4}
}

@article{inouye1979analytical,
    title = {{No Title}}
}

@article{smith1981age,
    title = {{No Title}}
}

@article{Boella:09:NNOMPG,
    title = {{Norm negotiation in online multi-player games}},
    year = {2009},
    journal = {Knowledge and Information Systems},
    author = {Boella, Guido and Caire, Patrice and van der Torre, Leendert},
    number = {2},
    pages = {137--156},
    volume = {18},
    publisher = {Springer-Verlag},
    url = {http://dx.doi.org/10.1007/s10115-008-0162-2},
    doi = {10.1007/s10115-008-0162-2},
    issn = {0219-1377},
    keywords = {Multi-player online games; Normative multi-agent s}
}

@article{biggs2013novel,
    title = {{Novel multiscale modeling tool applied to Pseudomonas aeruginosa biofilm formation}},
    year = {2013},
    journal = {PloS one},
    author = {Biggs, Matthew B and Papin, Jason A},
    number = {10},
    pages = {e78011},
    volume = {8},
    publisher = {Public Library of Science}
}

@inproceedings{kernbach2009adaptive,
    title = {{On adaptive self-organization in artificial robot organisms}},
    year = {2009},
    booktitle = {Future Computing, Service Computation, Cognitive, Adaptive, Content, Patterns, 2009. COMPUTATIONWORLD'09. Computation World:},
    author = {Kernbach, Serge and Hamann, Heiko and Stradner, JÃ¼rgen and Thenius, Ronald and Schmickl, Thomas and Crailsheim, Karl and van Rossum, Anne C and Sebag, Michele and Bredeche, Nicolas and Yao, Yao and {others}},
    pages = {33--43},
    organization = {IEEE}
}

@article{Schmitz2008,
    title = {{On high- frequency insulin oscillations}},
    year = {2008},
    journal = {Ageing Res. Rev.},
    author = {Schmitz, Ole and Rungby, Joergen and Edge, Linda and Juhl, Claus B},
    number = {4},
    pages = {301--305},
    volume = {7},
    keywords = {own}
}

@article{durston1974pacemaker,
    title = {{Pacemaker mutants of Dictyostelium discoideum}},
    year = {1974},
    journal = {Developmental biology},
    author = {{Durston A.J.}},
    number = {2},
    pages = {308--319},
    volume = {38}
}

@article{Kennedy1995,
    title = {{Particle swarm optimization}},
    year = {1995},
    journal = {Systems, Man, and Cybernetics, Part B: Cybernetics, IEEE Transactions on},
    author = {Kennedy, J and Eberhart, R},
    number = {1},
    pages = {1942--1948},
    volume = {4},
    keywords = {own}
}

@article{kessler1993pattern,
    title = {{Pattern formation in Dictyostelium via the dynamics of cooperative biological entities}},
    year = {1993},
    journal = {Physical Review E},
    author = {Kessler, David A and Levine, Herbert},
    number = {6},
    pages = {4801},
    volume = {48},
    publisher = {APS}
}

@article{Payton2001,
    title = {{Pheromone robotics}},
    year = {2001},
    journal = {Autonomous Robots},
    author = {Payton, David W and Daily, Michael J and Hoff, Bruce and Howard, Michael D and Lee, Craig L},
    number = {3},
    pages = {67--75},
    volume = {11},
    keywords = {own}
}

@article{Paszek2010,
    title = {{Population robustness arising from cellular heterogeneity}},
    year = {2010},
    journal = {Proc. Natl Acad. Sci. USA},
    author = {Paszek, Pawel and Ryan, Sheila and Ashall, Louise and Sillitoe, Kate and Harper, Claire V and Spiller, David G and Rand, David A and White, Michael R H},
    number = {25},
    pages = {11644--11649},
    volume = {107},
    keywords = {own}
}

@book{streeck1985Priintgov,
    title = {{Private interest government}},
    year = {1985},
    editor = {Streeck, Wolfgang and Schmitter, Philippe C},
    series = {Sage studies in neo-corporation},
    publisher = {Sage},
    url = {http://gso.gbv.de/DB=2.1/CMD?ACT=SRCHA&SRT=YOP&IKT=1016&TRM=ppn+025802291&sourceid=fbw_bibsonomy},
    address = {London},
    isbn = {0803997221},
    keywords = {imported}
}

@article{MaierReimer2010,
    title = {{Process Support for Increasing Participation in eParticipation}},
    year = {2010},
    journal = {JeDEM - eJournal of eDemocracy {\&} Open Government},
    author = {Maier, Edith and Reimer, Ulrich},
    number = {1},
    pages = {46--55},
    volume = {2},
    url = {http://www.jedem.org/article/view/16/53}
}

@article{harris2002rabd,
    title = {{RabD, a Dictyostelium Rab14-related GTPase, regulates phagocytosis and homotypic phagosome and lysosome fusion}},
    year = {2002},
    journal = {Journal of cell science},
    author = {Harris, Edward and Cardelli, James},
    number = {18},
    pages = {3703--3713},
    volume = {115},
    publisher = {The Company of Biologists Ltd}
}

@article{karlan2012randomized,
    title = {{Randomized, double-blind, placebo-controlled phase II study of AMG 386 combined with weekly paclitaxel in patients with recurrent ovarian cancer}},
    year = {2012},
    journal = {Journal of Clinical Oncology},
    author = {Karlan, Beth Y and Oza, Amit M and Richardson, Gary E and Provencher, Diane M and Hansen, Vincent L and Buck, Martin and Chambers, Setsuko K and Ghatage, Prafull and Pippitt, Charles H and Brown, John V and {others}},
    number = {4},
    pages = {362--371},
    volume = {30},
    publisher = {American Society of Clinical Oncology}
}

@article{Engel:14:RMERBL,
    title = {{Reading the mind in the eyes or reading between the lines? Theory of Mind predicts effective collaboration equally well online and face-to-face}},
    year = {2014},
    journal = {PLOS One},
    author = {Engel, D and Woolley, A W and Jing, L X and Chabris, C F and Malone, T W},
    number = {12},
    volume = {9}
}

@incollection{Serdult14,
    title = {{Referendums Around the World: The Continued Growth of Direct Democracy}},
    year = {2014},
    author = {Serd{\"{u}}lt, Uwe},
    editor = {Qvortrup, Matt},
    chapter = {Referendum},
    publisher = {Palgrave Macmillan},
    keywords = {own}
}

@article{maeda2005regulation,
    title = {{Regulation of growth and differentiation in Dictyostelium}},
    year = {2005},
    journal = {International review of cytology},
    author = {Maeda, Yasuo},
    pages = {287--332},
    volume = {244},
    publisher = {Elsevier}
}

@phdthesis{Carvalho:08:Phd,
    title = {{Reprï¿½sentations Emergentes - Une approche Multi-Agents des Systï¿½mes Complexes Adaptatifs en Psychologie Cognitive}},
    year = {2008},
    author = {de Carvalho, L},
    school = {Universitï¿½ Lumiï¿½re Lyon II}
}

@article{tan2013research,
    title = {{Research advance in swarm robotics}},
    year = {2013},
    journal = {Defence Technology},
    author = {Tan, Ying and Zheng, Zhong-yang},
    number = {1},
    pages = {18--39},
    volume = {9},
    publisher = {Elsevier}
}

@book{gilbert2015researching,
    title = {{Researching social life}},
    year = {2015},
    author = {Gilbert, Nigel and Stoneman, Paul},
    publisher = {Sage}
}

@incollection{Dimarzo:09:RDSOSASEP,
    title = {{Robustness and Dependability of Self-Organizing Systems - A Safety Engineering Perspective}},
    year = {2009},
    booktitle = {Stabilization, Safety, and Security of Distributed Systems},
    author = {Di Marzo Serugendo, Giovanna},
    editor = {Guerraoui, Rachid and Petit, Franck},
    pages = {254--268},
    series = {LNCS},
    volume = {5873},
    publisher = {Springer Berlin / Heidelberg},
    keywords = {own}
}

@inproceedings{DeAngelis:13:SCM,
    title = {{Secure Channel for MANETs - Demonstration}},
    year = {2013},
    booktitle = {IEEE International Conference on Self-Adaptive and Self-Organizing Systems (SASO2013)},
    author = {De Angelis, Francesco and Fernandez-Marquez, Jose Luis and Di Marzo Serugendo, Giovanna},
    publisher = {IEEE Computer Society},
    keywords = {own}
}

@inproceedings{murata1994self,
    title = {{Self-assembling machine}},
    year = {1994},
    booktitle = {Robotics and Automation, 1994. Proceedings., 1994 IEEE International Conference on},
    author = {Murata, Satoshi and Kurokawa, Haruhisa and Kokaji, Shigeru},
    pages = {441--448},
    organization = {IEEE}
}

@inproceedings{o2014self,
    title = {{Self-assembly of a swarm of autonomous boats into floating structures}},
    year = {2014},
    booktitle = {2014 IEEE International Conference on Robotics and Automation (ICRA)},
    author = {O'Hara, Ian and Paulos, James and Davey, Jay and Eckenstein, Nick and Doshi, Neel and Tosun, Tarik and Greco, Jonathan and Seo, Jungwon and Turpin, Matt and Kumar, Vijay and {others}},
    pages = {1234--1240},
    organization = {IEEE}
}

@article{zambonelli2011sapse,
    title = {{Self-aware Pervasive Service Ecosystems}},
    year = {2011},
    journal = {Procedia Computer Science},
    author = {Zambonelli, Franco and Castelli, Gabriella and Ferrari, Laura and Mamei, Marco and Rosi, Alberto and Di Marzo, Giovanna and Risoldi, Matteo and Tchao, Akla-Esso and Dobson, Simon and Stevenson, Graeme and {others}},
    pages = {197--199},
    volume = {7},
    keywords = {own}
}

@inproceedings{Dimarzo:13:SOS,
    title = {{Self-Organising Services}},
    year = {2013},
    booktitle = {IEEE International Conference on Self-Adaptive and Self-Organizing Systems (SASO2013)},
    author = {Di Marzo Serugendo, Giovanna and Fernandez-Marquez, Jose Luis},
    publisher = {IEEE Computer Society},
    keywords = {own}
}

@book{Dimarzo:11:SOSFNAA,
    title = {{Self-organising software: from natural to artificial adaptation}},
    year = {2011},
    editor = {Di Marzo Serugendo, Giovanna and Gleizes, Marie-Pierre and Karageorgos, Anthony},
    series = {Natural Computing Series},
    publisher = {Springer Berlin Heidelberg},
    keywords = {own}
}

@article{Camazine2003,
    title = {{Self-Organization in Biological Systems}},
    year = {2003},
    journal = {Princeton University Press},
    author = {Camazine, S and Deneubourg, J.-L. and Franks, N R and Sneyd, J and Theraula, G and Bonabeau, E},
    keywords = {own}
}

@article{Dimarzo:05:SOMAS,
    title = {{Self-organization in multi-agent systems}},
    year = {2005},
    journal = {The Knowledge Engineering Review},
    author = {Di Marzo Serugendo, Giovanna and Gleizes, Marie-Pierre and Karageorgos, Anthony},
    number = {02},
    pages = {165--189},
    volume = {20},
    url = {http://journals.cambridge.org/article_S0269888905000494},
    doi = {10.1017/S0269888905000494},
    issn = {1469-8005},
    keywords = {own}
}

@article{ducatelle2011self,
    title = {{Self-organized cooperation between robotic swarms}},
    year = {2011},
    journal = {Swarm Intelligence},
    author = {Ducatelle, Frederick and Di Caro, Gianni A and Pinciroli, Carlo and Gambardella, Luca M},
    number = {2},
    pages = {73--96},
    volume = {5},
    publisher = {Springer}
}

@inproceedings{de2016self,
    title = {{Self-organized, near-critical behavior during aggregation in Dictyostelium discoideum}},
    year = {2016},
    booktitle = {APS Meeting Abstracts},
    author = {De Palo, Giovanna and Yi, Darvin and Gregor, Thomas and Endres, Robert}
}

@inproceedings{hosokawa1998self,
    title = {{Self-organizing collective robots with morphogenesis in a vertical plane}},
    year = {1998},
    booktitle = {Robotics and Automation, 1998. Proceedings. 1998 IEEE International Conference on},
    author = {Hosokawa, Kazuo and Tsujimori, Takehito and Fujii, Teruo and Kaetsu, Hayato and Asama, Hajime and Kuroda, Yoji and Endo, Isao},
    pages = {2858--2863},
    volume = {4},
    organization = {IEEE}
}

@article{ferrell2002self,
    title = {{Self-perpetuating states in signal transduction: positive feedback, double-negative feedback and bistability}},
    year = {2002},
    journal = {Current opinion in cell biology},
    author = {Ferrell, James E},
    number = {2},
    pages = {140--148},
    volume = {14},
    publisher = {Elsevier}
}

@article{penrose1959self,
    title = {{Self-reproducing machines}},
    year = {1995},
    journal = {Scientific American},
    author = {Penrose, Lionel S},
    number = {6},
    pages = {105--114},
    volume = {200}
}

@article{talkowski2012sequencing,
    title = {{Sequencing chromosomal abnormalities reveals neurodevelopmental loci that confer risk across diagnostic boundaries}},
    year = {2012},
    journal = {Cell},
    author = {Talkowski, Michael E and Rosenfeld, Jill A and Blumenthal, Ian and Pillalamarri, Vamsee and Chiang, Colby and Heilbut, Adrian and Ernst, Carl and Hanscom, Carrie and Rossin, Elizabeth and Lindgren, Amelia M and {others}},
    number = {3},
    pages = {525--537},
    volume = {149},
    publisher = {Elsevier}
}

@incollection{weijer2013signalling,
    title = {{Signalling during dictyostelium development}},
    year = {2013},
    booktitle = {Dictyostelids},
    author = {Weijer, Cornelis J},
    pages = {49--70},
    publisher = {Springer}
}

@article{muller2013simple,
    title = {{Simple system--substantial share: the use of Dictyostelium in cell biology and molecular medicine}},
    year = {2013},
    journal = {European journal of cell biology},
    author = {M{\"{u}}ller-Taubenberger, Annette and Kortholt, Arjan and Eichinger, Ludwig},
    number = {2},
    pages = {45--53},
    volume = {92},
    publisher = {Elsevier}
}

@article{Pruitt2014,
    title = {{Site-specific group selection drives locally adapted group compositions}},
    year = {2014},
    journal = {Nature},
    author = {Pruitt, Jonathan N and Goodnight, Charles J},
    number = {7522},
    pages = {359--362},
    volume = {514},
    keywords = {own}
}

@article{fisher2006slug,
    title = {{Slug phototaxis, thermotaxis, and spontaneous turning behavior}},
    year = {2006},
    journal = {Dictyostelium discoideum Protocols},
    author = {Fisher, Paul R and Annesley, Sarah J},
    pages = {137--170},
    publisher = {Springer}
}

@article{Deangelis:17:Smartcontent,
    title = {{SmartContent - Self-Protected Context-Aware Active Documents for Mobile Environments}},
    year = {2017},
    journal = {Electronics},
    author = {De Angelis, Francesco L and Di Marzo Serugendo, Giovanna},
    number = {1},
    volume = {6},
    url = {http://www.mdpi.com/2079-9292/6/1/17},
    doi = {doi:10.3390/electronics6010017}
}

@inproceedings{zahadat2014social,
    title = {{Social adaptation of robots for modulating self-organization in animal societies}},
    year = {2014},
    booktitle = {Self-Adaptive and Self-Organizing Systems Workshops (SASOW), 2014 IEEE Eighth International Conference on},
    author = {Zahadat, Payam and Bodi, Michael and Salem, Ziad and Bonnet, Frank and de Oliveira, Marcelo Elias and Mondada, Francesco and Griparic, Karlo and Haus, Tomislav and Bogdan, Stjepan and Millsk, Rob and {others}},
    pages = {55--60},
    organization = {IEEE}
}

@inproceedings{Parhizkar:15:SADDISR,
    title = {{Social Amoeba Dictyostelium Discoideum as an Inspiration for Swarm Robotics}},
    year = {2015},
    booktitle = {IEEE 9th International Conference on Self-Adaptive and Self-Organizing Systems (SASO), 2015},
    author = {Parhizkar, Mohammad and Di Marzo Serugendo, Giovanna},
    pages = {162--163}
}

@book{sawyer2005social,
    title = {{Social emergence: Societies as complex systems}},
    year = {2005},
    author = {Sawyer, Robert Keith},
    publisher = {Cambridge University Press}
}

@article{katakis2014SocVotAdvApp-DefChaDatEva,
    title = {{Social Voting Advice Applications - Definitions, Challenges, Datasets and Evaluation.}},
    year = {2014},
    journal = {IEEE T. Cybernetics},
    author = {Katakis, Ioannis and Tsapatsoulis, Nicolas and Mendez, Fernando and Triga, Vasiliki and Djouvas, Constantinos},
    number = {7},
    pages = {1039--1052},
    volume = {44},
    url = {http://dblp.uni-trier.de/db/journals/tcyb/tcyb44.html#KatakisTMTD14},
    keywords = {dblp}
}

@article{serdult2002SozNeteinMetzurUntvonBezzwisozAkt,
    title = {{Soziale Netzwerkanalyse: eine Methode zur Untersuchung von Beziehungen zwischen sozialen Akteuren}},
    year = {2002},
    journal = {Austrian Journal of Political Science},
    author = {Serd{\"{u}}lt, Uwe},
    number = {2},
    pages = {127--141},
    volume = {31},
    url = {https://oezp.univie.ac.at/index.php/zfp/article/view/798; https://oezp.univie.ac.at/index.php/zfp/article/viewFile/798/683}
}

@article{Dobson:16:SAPE,
    title = {{Spatial awareness in pervasive ecosystems}},
    year = {2016},
    journal = {The Knowledge Engineering Review},
    author = {Dobson, Simon and Viroli, Mirko and Fernandez-Marquez, Josï¿½ Luis and Zambonelli, Franco and Stevenson, Graeme and Di Marzo Serugendo, Graeme and Montagna, Sara and Pianini, Danilo and Ye, Juan and Castelli, Gabriella and Rosi, Alberto}
}

@article{Giots,
    title = {{Spatial Edge Services}},
    year = {2017},
    journal = {Global IoT Summit},
    author = {Serugendo, Giovanna Di Marzo and Abdennadher, Nabil and Mahfoudh, Houssem Ben and Angelis, Francesco L De and Tomaylla, Roberto},
    keywords = {spatial computing; self-organizing system; bio-ins}
}

@article{germann2015Spamapvotadvappcasdynscaval,
    title = {{Spatial maps in voting advice applications: The case for dynamic scale validation}},
    year = {2015},
    journal = {Acta Politica},
    author = {Germann, Micha and Mendez, Fernando and Wheatley, Jonathan and Serd{\"{u}}lt, Uwe},
    number = {2},
    pages = {214--238},
    volume = {50},
    url = {http://www.ingentaconnect.com/content/pal/ap/2015/00000050/00000002/art00005},
    doi = {10.1057/ap.2014.3}
}

@article{del2007spatio,
    title = {{Spatio-temporal analysis of eukaryotic cell motility by improved force cytometry}},
    year = {2007},
    journal = {Proceedings of the National Academy of Sciences},
    author = {Del Alamo, Juan C and Meili, Ruedi and Alonso-Latorre, Baldomero and Rodr{\textbackslash}'{\textbackslash}iguez-Rodr{\textbackslash}'{\textbackslash}iguez, Javier and Aliseda, Alberto and Firtel, Richard A and Lasheras, Juan C},
    number = {33},
    pages = {13343--13348},
    volume = {104},
    publisher = {National Acad Sciences}
}

@incollection{BBS2008,
    title = {{Springer Handbook of Robotics}},
    year = {2008},
    author = {Matari{\'{c}}, Maja J and Michaud, FranÃ§ois},
    editor = {Bruno Siciliano, Oussama Khatib},
    chapter = {Behavior-B},
    pages = {891--909},
    publisher = {Springer Berlin Heidelberg},
    isbn = {978-3-540-30301-5},
    keywords = {own}
}

@phdthesis{Elliott:07:SCATFMC,
    title = {{Stigmergic Collaboration - A Theoretical Framework for Mass Collaboration}},
    year = {2007},
    author = {Elliott, Mark Alan},
    school = {Centre for Ideas, Victorian College of the Arts, The University of Melbourne}
}

@inproceedings{fukuda1989structure,
    title = {{Structure decision method for self organising robots based on cell structures-CEBOT}},
    year = {1989},
    booktitle = {Robotics and Automation, 1989. Proceedings., 1989 IEEE International Conference on},
    author = {Fukuda, Toshio and Nakagawa, Seiya and Kawauchi, Yoshio and Buss, Martin},
    pages = {695--700},
    organization = {IEEE}
}

@inproceedings{salemi2006superbot,
    title = {{SUPERBOT: A deployable, multi-functional, and modular self-reconfigurable robotic system}},
    year = {2006},
    booktitle = {2006 IEEE/RSJ International Conference on Intelligent Robots and Systems},
    author = {Salemi, Behnam and Moll, Mark and Shen, Wei-Min},
    pages = {3636--3641},
    organization = {IEEE}
}

@article{brambilla2013swarm,
    title = {{Swarm robotics: a review from the swarm engineering perspective}},
    year = {2013},
    journal = {Swarm Intelligence},
    author = {Brambilla, Manuele and Ferrante, Eliseo and Birattari, Mauro and Dorigo, Marco},
    number = {1},
    pages = {1--41},
    volume = {7},
    publisher = {Springer}
}

@incollection{levi2010,
    title = {{Symbiotic Multi-Robot Organism: Reliability, Adaptability, Evolution}},
    year = {2010},
    author = {Levi, Paul and Kernbach, Serge},
    chapter = {One},
    pages = {1--25},
    publisher = {Springer Berlin Heidelberg}
}

@book{levi2010b,
    title = {{Symbiotic Multi-Robot Organism: Reliability, Adaptability, Evolution}},
    year = {2005},
    publisher = {Springer},
    address = {Berlin Heidelberg}
}

@article{Yamaguchi2003,
    title = {{Synchronization of cellular clocks in the suprachiasmatic nucleus}},
    year = {2003},
    journal = {Science},
    author = {Yamaguchi, Shun and Isejima, Hiromi and Matsuo, Takuya and Okura, Ryusuke and Yagita, Kazuhiro and Kobayashi, Masaki and Okamura, Hitoshi},
    number = {5649},
    pages = {1408--1412},
    volume = {302},
    keywords = {own}
}

@article{Swarmanoid2011,
    title = {{Technical report: Swarmnoid: a novel concept for the study of heterogeneous robotic swarms}},
    year = {2011},
    journal = {IEEE Robotics {\&} Automation Magazine},
    author = {Dorigo, Marco and Floreano, Dario and Gambardella, Luca M and Mondada, Francesco and Nolfi, Stefano and Baaboura, Tarek and Birattari, Mauro and Bonani, Michael and Brambilla, Manuele and Brutschy, Arne and {others}},
    pages = {1--13},
    keywords = {own}
}

@article{Garnier2007,
    title = {{The biological principles of swarm intelligence}},
    year = {2007},
    journal = {Swarm Intelligence},
    author = {Garnier, Simon and Gautrais, Jacques and Theraulaz, Guy},
    pages = {3--31},
    volume = {1},
    keywords = {own}
}

@article{Malone:10:TCIG,
    title = {{The Collective Intelligence Genome}},
    year = {2010},
    journal = {Sloan Management Review},
    author = {Malone, T W and Laubacher, R and Dellarocas, C},
    number = {3},
    pages = {21--31},
    volume = {51}
}

@phdthesis{davies1994effect,
    title = {{The effect of ammonia on development in Dictyostelium discoideum}},
    year = {1994},
    author = {Davies, Lynne},
    school = {University of Oxford}
}

@article{deacon2003hierarchic,
    title = {{The hierarchic logic of emergence: Untangling the interdependence of evolution and self-organization}},
    year = {2003},
    journal = {Evolution and learning: The Baldwin effect reconsidered},
    author = {Deacon, Terrence W},
    pages = {273--308},
    volume = {2003},
    publisher = {MIT Press Cambridge, MA}
}

@article{klijn2010impnetmanoutgovnet,
    title = {{The impact of network management on outcomes in governance networks}},
    year = {2010},
    journal = {Public administration},
    author = {KLIJN, ERIK-HANS and Steijn, Bram and Edelenbos, Jurian},
    number = {4},
    pages = {1063--1082},
    volume = {88},
    publisher = {Wiley Online Library},
    url = {http://onlinelibrary.wiley.com/doi/10.1111/j.1467-9299.2010.01826.x/full; http://repub.eur.nl/pub/31233/PAdmin2010_88_1063_AAM.pdf}
}

@article{Grove2000,
    title = {{The intracellular target for the antiresorptive aminobisphosphonate drugs in Dictyostelium discoideum is the enzyme farnesyl diphosphate synthase}},
    year = {2000},
    journal = {EMBO},
    author = {Grove, Joanna E and Brown, Richard J and Watts, Donald J},
    number = {5},
    pages = {971--981},
    volume = {15},
    keywords = {own}
}

@inproceedings{Fernandez:14:TheOneSAPERE,
    title = {{The ONE-SAPERE Simulator: A Prototyping Tool for Engineering Self-Organisation in Pervasive Environments.}},
    year = {2014},
    booktitle = {SASO},
    author = {Fernandez-Marquez, Jose Luis and Angelis, Francesco De and Serugendo, Giovanna Di Marzo and Stevenson, Graeme and Castelli, Gabriella},
    pages = {201--202},
    publisher = {IEEE Computer Society},
    url = {http://dblp.uni-trier.de/db/conf/saso/saso2014.html#Fernandez-MarquezASSC14},
    isbn = {978-1-4799-5367-7},
    keywords = {dblp}
}

@article{Gordon1996,
    title = {{The organization of work in social insect colonies}},
    year = {1996},
    journal = {Nature},
    author = {Gordon, Deborah M},
    number = {6570},
    pages = {121--124},
    volume = {380},
    keywords = {own}
}

@book{laumann1987orgstaSocchonatpoldom,
    title = {{The organizational state: Social choice in national policy domains}},
    year = {1987},
    author = {Laumann, Edward O and Knoke, David},
    publisher = {Univ. of Wisconsin Press},
    url = {http://books.google.ch/books?hl=en&lr=&id=GwVqvQEClCoC&oi=fnd&pg=PR11&dq=the+organizational+state+laumann&ots=DcUeozEtJl&sig=PSAzK5m_jA5--67WvYRJz2wT_FE; http://www.reis.cis.es/REIS/PDF/REIS_059_17.pdf}
}

@article{Wessels2006,
    title = {{The Shwachman-Bodian-Diamond syndrome gene encodes an RNA-binding protein thatlocalizes to the pseudopod of Dictyostelium amoebae during chemotaxis}},
    year = {2006},
    journal = {Journal of cell science},
    author = {Wessels, Deborah and Srikantha, Thyagarajan and Yi, Song and Kuhl, Spencer and Aravind, L and Soll, David R},
    number = {2},
    pages = {370--379},
    volume = {119},
    keywords = {own}
}

@incollection{Dimarzo:14:TSC,
    title = {{The Social Computer}},
    year = {2014},
    booktitle = {The computer after me},
    author = {Di Marzo Serugendo, Giovanna and Risoldi, Matteo and Solemayni, Mohammad},
    editor = {Pitt, J},
    pages = {159--172},
    publisher = {World Scientific},
    keywords = {own}
}

@article{vincenot2011theoretical,
    title = {{Theoretical considerations on the combined use of system dynamics and individual-based modeling in ecology}},
    year = {2011},
    journal = {Ecological Modelling},
    author = {Vincenot, Christian Ernest and Giannino, Francesco and Rietkerk, Max and Moriya, Kazuyuki and Mazzoleni, Stefano},
    number = {1},
    pages = {210--218},
    volume = {222},
    publisher = {Elsevier}
}

@inproceedings{Sara2012WOA,
    title = {{Towards a comprehensive approach to spontaneous self-composition in pervasive ecosystems}},
    year = {2012},
    booktitle = {Proceedings of the 13th Workshop on Objects and Agents},
    author = {Montagna, Sara and Viroli, Mirko and Pianini, Danilo and Fernandez-Marquez, Jose Luis},
    editor = {De Paoli, Flavio and Vizzari, Giuseppe},
    publisher = {CEUR-WS},
    issn = {1613-0073}
}

@article{buckinghamshum2012Towgloparpla,
    title = {{Towards a global participatory platform}},
    year = {2012},
    journal = {The European Physical Journal Special Topics},
    author = {Buckingham Shum, S and Aberer, K and Schmidt, A and Bishop, S and Lukowicz, P and Anderson, S and Charalabidis, Y and Domingue, J and Freitas, S and Dunwell, I and Edmonds, B and Grey, F and Haklay, M and Jelasity, M and Karpi{\v{s}}t{\v{s}}enko, A and Kohlhammer, J and Lewis, J and Pitt, J and Sumner, R and Helbing, D},
    number = {1},
    pages = {109},
    volume = {214},
    publisher = {Springer},
    url = {http://dx.doi.org/10.1140/epjst/e2012-01690-3},
    doi = {10.1140/epjst/e2012-01690-3},
    issn = {1951-6401}
}

@inproceedings{stevenson2012saun,
    title = {{Towards Situated Awareness in Urban Networks: A Bio-inspired Approach}},
    year = {2012},
    booktitle = {First International Workshop on Adaptive Service Ecosystems: Nature and Socially Inspired Solutions (ASENSIS) at Sixth IEEE International Conference on Self-Adaptive and Self-Organizing Systems (SASOï¿½12)},
    author = {Stevenson, Graeme and Fernandez-Marquez, Jose Luis and Montagna, Sara and Rosi, Alberto and Ye, Juan and Tchao, Akla-Esso and Dobson, Simon and Serugendo, Giovanna Di Marzo and Viroli, Mirko},
    publisher = {IEEE Computer Society}
}

@article{Schmickl2008,
    title = {{Trophallaxis within a robotic swarm: bio-inspired communication among robots in a swarm}},
    year = {2008},
    journal = {Autonomous Robots},
    author = {Schmickl, Thomas and Crailsheim, Karl},
    number = {1},
    pages = {171--188},
    volume = {25},
    keywords = {own}
}

@article{Ferrera2013,
    title = {{Tuple MapReduce: Beyond Classic MapReduce}},
    journal = {Knowledge and Information Systems},
    author = {Ferrera, Pedro and de Prado, Ivan and Palacios, Eric and Fernandez-Marquez, Jose Luis and Serugendo, Giovanna Di Marzo},
    issn = {0219-1377}
}

@inproceedings{Ferrera2012,
    title = {{Tuple MapReduce: Beyond Classic MapReduce}},
    year = {2012},
    booktitle = {IEEE 12th International Conference on Data Mining (ICDM)},
    author = {Ferrera, Pedro and de Prado, Ivan and Palacios, Eric and Fernandez-Marquez, Jose Luis and Serugendo, Giovanna Di Marzo},
    pages = {260--269},
    issn = {1550-4786},
    keywords = {Big Data;Distributed systems;Hadoop;MapReduce;Scal}
}

@article{f,
    title = {{Understanding streaming in Dictyostelium discoideum: theory versus experiments}},
    year = {2011},
    journal = {Bulletin of mathematical biology},
    author = {Dallon, John C and Dalton, Brittany and Malani, Chelsea},
    number = {7},
    pages = {1603--1626},
    volume = {73},
    publisher = {Springer}
}

@article{Gilbert2002,
    title = {{Varieties of Emergents}},
    year = {2002},
    journal = {Social agents: Ecology, Exchange, and Evolution},
    author = {Gilbert, N},
    number = {2},
    pages = {1--12},
    volume = {6},
    keywords = {own}
}

@article{Vandertorre:10:VGANFDL,
    title = {{Violation games: a new foundation for deontic logic}},
    year = {2010},
    journal = {Journal of Applied Non-Classical Logics},
    author = {van der Torre, Leendert},
    number = {4},
    pages = {457--477},
    volume = {20},
    doi = {10.3166/jancl.20.457-477}
}

@book{Kirschner:03:VASTCESM,
    title = {{Visualizing Argumentation - Software Tools for Collaborative and Educational Sense-Making}},
    year = {2003},
    editor = {Kirschner, Paul A and {Buckingham-Shum} and J., Simon and Carr, Chad S},
    publisher = {Springer Berlin Heidelberg}
}

@article{Triga:12:VAASATPCI,
    title = {{Voting Advice Applications and the State of the Art: Theory, Practice and Comparative Insights}},
    year = {2012},
    journal = {International Journal of Electronic Gouvernance (IJEG)},
    author = {Triga, Vasiliki and Serd{\"{u}}lt, Uwe and Chadjipantelis (Eds), Theodore},
    volume = {5 (3-4)},
    publisher = {InderScience},
    keywords = {own}
}

@article{garzia2012VotAdvAppundrevstares,
    title = {{Voting Advice Applications under review: the state of research}},
    year = {2012},
    journal = {International Journal of Electronic Governance},
    author = {Garzia, Diego and Marschall, Stefan},
    number = {3-4},
    pages = {203--222},
    volume = {5},
    publisher = {Inderscience Publishers},
    url = {http://www.inderscienceonline.com/doi/abs/10.1504/IJEG.2012.051309; http://cadmus.eui.eu/bitstream/handle/1814/25277/IJEG50301_Garzia %26 Marschall.pdf?sequence=2}
}

@article{Beckerleg2016EvolvingRobot,
    title = {{Evolving individual and collective behaviours for the Kilobot robot}},
    year = {2016},
    journal = {2016 IEEE 14th International Workshop on Advanced Motion Control, AMC 2016},
    author = {Beckerleg, Mark and Zhang, Chan},
    pages = {263--268},
    isbn = {9781479984640},
    doi = {10.1109/AMC.2016.7496361},
    keywords = {Evolutionary Computation, Evolutionary Robotics, Evolving collective behaviours, Evolving lookup tables based robotic controller, Genetic algorithms, Kilobot}
}